<record><leader>00000cas a22000007a 4500</leader><controlfield tag="001">13506246</controlfield><controlfield tag="008">860429d19101911nvuwx ne      0    0eng d</controlfield><datafield ind1=" " ind2=" " tag="010"><subfield code="a">sn 86076080 </subfield></datafield><datafield ind1=" " ind2=" " tag="040"><subfield code="a">NNX</subfield><subfield code="b">eng</subfield><subfield code="c">NNX</subfield><subfield code="d">UNP</subfield><subfield code="d">NNX</subfield><subfield code="d">OCLCQ</subfield></datafield><datafield ind1=" " ind2=" " tag="042"><subfield code="a">msc</subfield></datafield><datafield ind1=" " ind2="4" tag="050"><subfield code="a">AN2.N3</subfield><subfield code="b">V64</subfield></datafield><datafield ind1="0" ind2=" " tag="130"><subfield code="a">Voice of the people (Reno, Nev.)</subfield></datafield><datafield ind1="1" ind2="0" tag="245"><subfield code="a">Voice of the people.</subfield></datafield><datafield ind1=" " ind2=" " tag="260"><subfield code="a">Reno, Nev. :</subfield><subfield code="b">Socialist Party,</subfield><subfield code="c">1910-1911.</subfield></datafield><datafield ind1=" " ind2=" " tag="300"><subfield code="a">1 v.</subfield></datafield><datafield ind1=" " ind2=" " tag="310"><subfield code="a">Weekly</subfield></datafield><datafield ind1="0" ind2=" " tag="362"><subfield code="a">Vol. 1, no. 1 (Oct. 10, 1910)-v. 1, no. 7 (June 22, 1911).</subfield></datafield><datafield ind1=" " ind2=" " tag="500"><subfield code="a">"Socialist."</subfield></datafield><datafield ind1=" " ind2=" " tag="500"><subfield code="a">"Called weekly, but never achieved that status." Cf. Lingefelter, R.E. Newspapers of Nev.</subfield></datafield><datafield ind1=" " ind2=" " tag="752"><subfield code="a">United States</subfield><subfield code="b">Nevada</subfield><subfield code="c">Washoe</subfield><subfield code="d">Reno.</subfield></datafield><datafield ind1="1" ind2=" " tag="029"><subfield code="a">AU@</subfield><subfield code="b">000025804425</subfield></datafield></record>